@ARTICLE{Marti+2023,
       author = {{Mart{\'\i}}, Josep and {Luque-Escamilla}, Pedro L. and {S{\'a}nchez-Ayaso}, Estrella},
        title = "{A runaway T Tauri star leaving an extended trail}",
      journal = {\aap},
     keywords = {stars: formation, stars: winds, outflows, ISM: jets and outflows, shock waves, stars: variables: T Tauri, Herbig Ae/Be, Astrophysics - Solar and Stellar Astrophysics, Astrophysics - Astrophysics of Galaxies},
         year = 2023,
        month = may,
       volume = {673},
          eid = {A55},
        pages = {A55},
          doi = {10.1051/0004-6361/202245179},
archivePrefix = {arXiv},
       eprint = {2304.14759},
 primaryClass = {astro-ph.SR},
       adsurl = {https://ui.adsabs.harvard.edu/abs/2023A&A...673A..55M},
      adsnote = {Provided by the SAO/NASA Astrophysics Data System}
}

@ARTICLE{Sterzik+1995,
       author = {{Sterzik}, M.~F. and {Durisen}, R.~H.},
        title = "{Escape of T Tauri stars from young stellar systems.}",
      journal = {\aap},
     keywords = {BINARIES: GENERAL, STARS: FORMATION, PRE-MAIN-SEQUENCE, STELLAR DYNAMICS},
         year = 1995,
        month = dec,
       volume = {304},
        pages = {L9},
       adsurl = {https://ui.adsabs.harvard.edu/abs/1995A&A...304L...9S},
      adsnote = {Provided by the SAO/NASA Astrophysics Data System}
}

@ARTICLE{Sterzik+1995b,
       author = {{Sterzik}, M.~F. and {Alcala}, J.~M. and {Neuhaeuser}, R. and {Schmitt}, J.~H.~M.~M.},
        title = "{The spatial distribution of X-ray selected T-Tauri stars. I. Orion.}",
      journal = {\aap},
     keywords = {STARS: FORMATION, PRE-MAIN-SEQUENCE, X-RAYS: STARS},
         year = 1995,
        month = may,
       volume = {297},
        pages = {418},
       adsurl = {https://ui.adsabs.harvard.edu/abs/1995A&A...297..418S},
      adsnote = {Provided by the SAO/NASA Astrophysics Data System}
}



@ARTICLE{McLaughlin+2006,
       author = {{McLaughlin}, M.~A. and {Lyne}, A.~G. and {Lorimer}, D.~R. and {Kramer}, M. and {Faulkner}, A.~J. and et al.},
        title = "{Transient radio bursts from rotating neutron stars}",
      journal = {\nat},
     keywords = {Astrophysics},
         year = 2006,
        month = feb,
       volume = {439},
       number = {7078},
        pages = {817-820},
          doi = {10.1038/nature04440},
archivePrefix = {arXiv},
       eprint = {astro-ph/0511587},
 primaryClass = {astro-ph},
       adsurl = {https://ui.adsabs.harvard.edu/abs/2006Natur.439..817M},
      adsnote = {Provided by the SAO/NASA Astrophysics Data System}
}

@INPROCEEDINGS{Neuhauser+1996,
       author = {{Neuh{\"a}user}, R. and {Magazzu}, A. and {Sterzik}, M.~F. and {Alcal{\'a}}, J.~M. and {Torres}, G. and et al.},
        title = "{Are There Run-Away T Tauri Stars in Taurus?}",
    booktitle = {Cool Stars, Stellar Systems, and the Sun},
         year = 1996,
       editor = {{Pallavicini}, Roberto and {Dupree}, Andrea K.},
       series = {Astronomical Society of the Pacific Conference Series},
       volume = {109},
        month = jan,
        pages = {433},
       adsurl = {https://ui.adsabs.harvard.edu/abs/1996ASPC..109..433N},
      adsnote = {Provided by the SAO/NASA Astrophysics Data System}
}

@ARTICLE{Neuhaeuser+1997,
       author = {{Neuh{\"a}user}, R. and {Torres}, G. and {Sterzik}, M.~F. and {Randich}, S.},
        title = "{Optical high-resolution spectroscopy of ROSAT detected late-type stars south of the Taurus molecular clouds.}",
      journal = {\aap},
     keywords = {STARS: FORMATION, STARS: LATE-TYPE, STARS: PRE-MAIN SEQUENCE, X-RAYS: STARS},
         year = 1997,
        month = sep,
       volume = {325},
        pages = {647-663},
       adsurl = {https://ui.adsabs.harvard.edu/abs/1997A&A...325..647N},
      adsnote = {Provided by the SAO/NASA Astrophysics Data System}
}

@ARTICLE{mysterious_RRAT,
       author = {{Abhishek}, Malusare, Namrata and {Tanushree}, N. and {Hegde}, Gayathri and {Konar}, Sushan},
        title = "{Radio pulsar sub-populations (II): The mysterious RRATs}",
      journal = {Journal of Astrophysics and Astronomy},
     keywords = {Radio pulsar, null, RRAT, statistics},
         year = 2022,
        month = dec,
       volume = {43},
       number = {2},
          eid = {75},
        pages = {75},
          doi = {10.1007/s12036-022-09862-3},
       adsurl = {https://ui.adsabs.harvard.edu/abs/2022JApA...43...75A},
      adsnote = {Provided by the SAO/NASA Astrophysics Data System}
}

@MISC{RRATCat,
       author = {{McKenna}, David},
        title = "{David-McKenna/RRATCat: 0.2-release}",
 howpublished = {Zenodo},
         year = 2023,
        month = may,
          eid = {10.5281/zenodo.7971073},
          doi = {10.5281/zenodo.7971073},
      version = {0.2},
    publisher = {Zenodo},
       adsurl = {https://ui.adsabs.harvard.edu/abs/2023zndo...7971073M},
      adsnote = {Provided by the SAO/NASA Astrophysics Data System}
}

@ARTICLE{Deneva+2016,
       author = {{Deneva}, J.~S. and {Stovall}, K. and {McLaughlin}, M.~A. and {Bagchi}, M. and {Bates}, S.~D. and et al.},
        title = "{New Discoveries from the Arecibo 327 MHz Drift Pulsar Survey Radio Transient Search}",
      journal = {\apj},
     keywords = {pulsars: general, stars: neutron, Astrophysics - High Energy Astrophysical Phenomena, Astrophysics - Instrumentation and Methods for Astrophysics, Astrophysics - Solar and Stellar Astrophysics},
         year = 2016,
        month = apr,
       volume = {821},
       number = {1},
          eid = {10},
        pages = {10},
          doi = {10.3847/0004-637X/821/1/10},
archivePrefix = {arXiv},
       eprint = {1603.01151},
 primaryClass = {astro-ph.HE},
       adsurl = {https://ui.adsabs.harvard.edu/abs/2016ApJ...821...10D},
      adsnote = {Provided by the SAO/NASA Astrophysics Data System}
}

@online{RRATalog,
  author = {{Lewis}, E. and {McLaughlin}, M. and {Agrawal}, D},
  title = {The RRATalog},
  year = 2023,
  url = {https://rratalog.github.io/rratalog/},
  urldate = {2023-09-25}
}

@ARTICLE{Keane+2011,
       author = {{Keane}, E.~F. and {McLaughlin}, M.~A.},
        title = "{Rotating radio transients}",
      journal = {Bulletin of the Astronomical Society of India},
     keywords = {stars: neutron, pulsars: general, transients, radio continuum: stars, Astrophysics - Solar and Stellar Astrophysics},
         year = 2011,
        month = sep,
       volume = {39},
       number = {3},
        pages = {333-352},
          doi = {10.48550/arXiv.1109.6896},
archivePrefix = {arXiv},
       eprint = {1109.6896},
 primaryClass = {astro-ph.SR},
       adsurl = {https://ui.adsabs.harvard.edu/abs/2011BASI...39..333K},
      adsnote = {Provided by the SAO/NASA Astrophysics Data System}
}

@ARTICLE{Miyaji+1980,
       author = {{Miyaji}, S. and {Nomoto}, K. and {Yokoi}, K. and {Sugimoto}, D.},
        title = "{Supernova triggered by electron captures.}",
      journal = {\pasj},
         year = 1980,
        month = jan,
       volume = {32},
        pages = {303-329},
       adsurl = {https://ui.adsabs.harvard.edu/abs/1980PASJ...32..303M},
      adsnote = {Provided by the SAO/NASA Astrophysics Data System}
}

@ARTICLE{Gessner+2018,
       author = {{Gessner}, Alexandra and {Janka}, Hans-Thomas},
        title = "{Hydrodynamical Neutron-star Kicks in Electron-capture Supernovae and Implications for the CRAB Supernova}",
      journal = {\apj},
     keywords = {hydrodynamics, instabilities, neutrinos, stars: neutron, supernovae: general, supernovae: individual: Crab, Astrophysics - High Energy Astrophysical Phenomena, High Energy Physics - Phenomenology},
         year = 2018,
        month = sep,
       volume = {865},
       number = {1},
          eid = {61},
        pages = {61},
          doi = {10.3847/1538-4357/aadbae},
archivePrefix = {arXiv},
       eprint = {1802.05274},
 primaryClass = {astro-ph.HE},
       adsurl = {https://ui.adsabs.harvard.edu/abs/2018ApJ...865...61G},
      adsnote = {Provided by the SAO/NASA Astrophysics Data System}
}

@ARTICLE{Igoshev+2020,
       author = {{Igoshev}, Andrei P.},
        title = "{The observed velocity distribution of young pulsars - II. Analysis of complete PSR{\ensuremath{\pi}}}",
      journal = {\mnras},
     keywords = {methods: data analysis, methods: statistical, stars: neutron, pulsars: general, Astrophysics - High Energy Astrophysical Phenomena},
         year = 2020,
        month = may,
       volume = {494},
       number = {3},
        pages = {3663-3674},
          doi = {10.1093/mnras/staa958},
archivePrefix = {arXiv},
       eprint = {2002.01367},
 primaryClass = {astro-ph.HE},
       adsurl = {https://ui.adsabs.harvard.edu/abs/2020MNRAS.494.3663I},
      adsnote = {Provided by the SAO/NASA Astrophysics Data System}
}

